@article{Lillicrap2016DDPG,
  title={Continuous Control with Deep Reinforcement Learning},
  author={Lillicrap, Timothy P. and Hunt, Jonathan J. and Pritzel, Alexander and Heess, Nicolas and Erez, Tom and Tassa, Yuval and Silver, David and Wierstra, Daan},
  booktitle={International Conference on Learning Representations (ICLR)},
  year={2016},
  organization={Google Deepmind},
  address={London, UK}
}


@article{Luck2019ImprovedExploration,
  title={Improved Exploration through Latent Trajectory Optimization in Deep Deterministic Policy Gradient},
  author={Luck, Kevin Sebastian and Vecerik, Mel and Stepputtis, Simon and Ben Amor, Heni and Scholz, Jonathan},
  journal={arXiv preprint arXiv:1911.06833},
  year={2019},
  organization={Interactive Robotics Lab, Arizona State University; Google DeepMind},
  address={Tempe, AZ, USA; London, UK},
  email={{ksluck, sstepput, hbenamor}@asu.edu, {vec, jscholz}@google.com}
}



@article{Wu2018AggregatedMultiDDPG,
  title={Aggregated Multi-deep Deterministic Policy Gradient for Self-driving Policy},
  author={Wu, Junta and Li, Huiyun},
  year={2018}
}


@book{morales2020grokking,
    title = {Grokking Deep Reinforcement Learning},
    author = {Miguel Morales},
    year = {2020},
    publisher = {Manning Publications Co.},
}


@book{brunton2019data,
    title = {Data-Driven Science and Engineering: Machine Learning, Dynamical Systems, and Control},
    author = {Steven L. Brunton and J. Nathan Kutz},
    year = {2019},
    publisher = {Cambridge University Press},
}

@book{wensdesign2022,
  title={Design and Implementation of Fully-Integrated Inductive DC-DC Converters in Standard CMOS},
  author={Wens, Mike and Steyaert, Michiel},
  year={2022},
  address={Leuven, Belgium},
  series={Series Editors: Mohammed Ismail; Mohamad Sawan},
  note={ESAT-MICAS, Dept. Elektrotechniek, K.U. Leuven},
  email={Mike.Wens@esat.kuleuven.be; michiel.steyaert@esat.kuleuven.ac.be},
}


@article{jeong2023degradation,
  title={Degradation-Sensitive Control Algorithm Based on Phase Optimization for Interleaved DC–DC Converters},
  author={Jeong, Jaeyoon and Kwak, Sangshin and Choi, Seungdeog},
  journal={Machines},
  year={2023},
  publisher={MDPI},
  doi={10.3390/machines11060624},
  abstract={As the use of interleaved DC–DC converters in electric vehicles (EVs) increases, research on reliability improvement is required.},
  keywords={silicon carbide MOSFET; degradation; 2-leg interleaved DC–DC boost converter; capacitor RMS current; phase optimization},
  note={Received: 1 May 2023, Revised: 29 May 2023, Accepted: 30 May 2023, Published: 5 June 2023},
  url={https://www.mdpi.com/journal/machines}
}
@book{Kularatna2012,
  author = {Nihal Kularatna},
  title = {DC Power Supplies: Power Management and Surge Protection for Power Electronic Systems},
  publisher = {CRC Press, Taylor \& Francis Group},
  year = {2012},
  address = {Boca Raton, London, New York},
  isbn = {978-0-415-80248-2},
  note = {Version Date: 2011916, No claim to original U.S. Government works}
}

@book{peddapelli2017pulse,
  title={Pulse Width Modulation Analysis and Performance in Multilevel Inverters},
  author={Peddapelli, Satish Kumar},
  year={2017},
  publisher={Walter de Gruyter GmbH},
  address={Berlin/Boston},
  isbn={978-3-11-046817-5},
  eisbn_pdf={978-3-11-047042-0},
  eisbn_epub={978-3-11-046857-1},
  set_isbn={978-3-11-047043-7},
  note={Library of Congress Cataloging-in-Publication Data Applied for},
  email={satish_8020@yahoo.co.in},
  department={Department of Electrical Engineering, University College of Engineering, Osmania University},
  location={Hyderabad, Telangana State, India},
  url={http://www.degruyter.com}
}


@book{choi2013pulsewidth,
  title={Pulsewidth Modulated DC-to-DC Power Conversion: Circuits, Dynamics, and Control Designs},
  author={Choi, Byungcho},
  year={2013},
  publisher={IEEE Press, Wiley},
  address={Hoboken, New Jersey},
  series={IEEE Press series on power engineering},
  isbn={978-1-118-18063-1}
}


@book{russell2021ai,
  title={Artificial Intelligence: A Modern Approach},
  edition={4},
  author={Russell, Stuart J. and Norvig, Peter},
  year={2021},
  publisher={Pearson Education, Inc.}
}


@book{Chollet2021,
  title = {Deep Learning with Python, Second Edition},
  author = {François Chollet},
  publisher = {Manning Publications Co.},
  address = {Shelter Island, NY},
  year = {2021},
  isbn = {9781617296864},
  note = {Covers topics from the fundamentals of machine learning and deep learning to advanced topics in computer vision and text processing.},
  url = {https://www.manning.com/}
}


@article{kulkarni_model-based_2023,
  title={Model-based Avionics Systems Fault Simulation and Detection},
  author={Kulkarni, Chetan and Biswas, Gautam and Kim, Kyusung and Bharadwaj, Raj Mohan},
  year={2023},
  address={Nashville, TN and Golden Valley, MN},
  institution={Dept. of EECS/ISIS, Vanderbilt University and Honeywell Aerospace-Advance Technology},
  keywords={Bond Graphs, DC-DC converters, Electrolytic Capacitors, ESR, Fault Detection, Fault Isolation, GPS, Prognosis},
}


@book{SuttonBarto2018,
  author    = {Richard S. Sutton and Andrew G. Barto},
  title     = {Reinforcement Learning: An Introduction},
  edition   = {Second},
  year      = {2018},
  publisher = {The MIT Press},
  address   = {Cambridge, Massachusetts; London, England},
  series    = {Adaptive Computation and Machine Learning},
  isbn      = {9780262039246},
  url       = {https://lccn.loc.gov/2018023826},
  note      = {Licensed under Creative Commons Attribution-NonCommercial-NoDerivs 2.0 Generic License},
  keywords  = {Reinforcement Learning},
  lccn      = {2018023826}
}



@book{Goodfellow-et-al-2016,
    title={Deep Learning},
    author={Ian Goodfellow and Yoshua Bengio and Aaron Courville},
    publisher={MIT Press},
    note={\url{http://www.deeplearningbook.org}},
    year={2016}
}
@book{heaton_2012,
  title={Introduction to the Math of Neural Networks},
  author={Jeff Heaton},
  year={2012},
  publisher={Heaton Research Inc.},
  isbn={978-1475190878},
}


@book{aggarwal_neural_networks_2018,
  title = {Neural Networks and Deep Learning},
  author = {Charu C. Aggarwal},
  year = {2018},
  publisher = {Springer International Publishing AG, part of Springer Nature},
  address = {Yorktown Heights, NY, USA},
  isbn = {978-3-319-94462-3},
  doi = {10.1007/978-3-319-94463-0},
  note = {Library of Congress Control Number: 2018947636}
}



@mastersthesis{SwainBaid2014,
    title={Analog Fabrication of PID Controller},
    author={Tapan Kumar Swain and Vaibhav Baid},
    year={2014},
    month={May},
    school={National Institute of Technology, Rourkela},
    address={Rourkela, Orissa-769008},
    type={Bachelor's Thesis},
}


@misc{klein_abbeel_cs188,
  author = {Dan Klein and Pieter Abbeel},
  title = {{Markov Decision Processes II - CS 188: Artificial Intelligence}},
  howpublished = {Online},
  year = {Year of Lecture, e.g., 2021},
  note = {Lecture notes available: \url{http://ai.berkeley.edu}},
  organization = {University of California, Berkeley}
}



@article{Almawlawe2023,
  author    = {Muhanad D. Hashim Almawlawe and Muhammad Al-badri and Issam Hayder Alsakini},
  title     = {Performance Improvement of a DC/DC Converter Using Neural Network Controller in comparison with Different Controllers},
  year      = {2023},
  institution = {University of Al-Qadisiyah- Engineering College and Middle Technical University},
  email     = {muhanad.almawlawe@qu.edu.iq, muhanadhashim@gmail.com},
}

